
@inproceedings{davison2003,
  title={Real-time simultaneous localisation and mapping with a single camera},
  author={Davison, Andrew J},
  booktitle={Computer Vision, 2003. Proceedings. Ninth IEEE International Conference on},
  pages={1403--1410},
  year={2003},
  organization={IEEE}
}

@article{smith1986,
  title={On the representation and estimation of spatial uncertainty},
  author={Smith, Randall C and Cheeseman, Peter},
  journal={The international journal of Robotics Research},
  volume={5},
  number={4},
  pages={56--68},
  year={1986},
  publisher={Sage Publications}
}

@article{mclauchlan1999,
  title={The variable state dimension filter applied to surface-based structure from motion},
  author={McLauchlan, Philip F},
  year={1999},
  publisher={Citeseer}
}

@article{jones2011,
  title={Visual-inertial navigation, mapping and localization: A scalable real-time causal approach},
  author={Jones, Eagle S and Soatto, Stefano},
  journal={The International Journal of Robotics Research},
  volume={30},
  number={4},
  pages={407--430},
  year={2011},
  publisher={SAGE Publications}
}

@inproceedings{mourikis2007,
  title={A multi-state constraint Kalman filter for vision-aided inertial navigation},
  author={Mourikis, Anastasios I and Roumeliotis, Stergios I},
  booktitle={Robotics and Automation, 2007 IEEE International Conference on},
  pages={3565--3572},
  year={2007},
  organization={IEEE}
}

@article{soatto1996,
  title={Motion estimation via dynamic vision},
  author={Soatto, Stefano and Frezza, Ruggero and Perona, Pietro},
  journal={Automatic Control, IEEE Transactions on},
  volume={41},
  number={3},
  pages={393--413},
  year={1996},
  publisher={IEEE}
}

@inproceedings{garcia2002,
  title={Augmented state Kalman filtering for AUV navigation},
  author={Garc{\'\i}a, Rafael and Puig, J and Ridao, Pere and Cufi, Xavier},
  booktitle={Robotics and Automation, 2002. Proceedings. ICRA'02. IEEE International Conference on},
  volume={4},
  pages={4010--4015},
  year={2002},
  organization={IEEE}
}

@article{sibley2006,
  title={A sliding window filter for slam},
  author={Sibley, Gabe},
  journal={University of Southern California, Tech. Rep},
  year={2006},
  publisher={Citeseer}
}

@inproceedings{nister2004,
  title={Visual odometry},
  author={Nist{\'e}r, David and Naroditsky, Oleg and Bergen, James},
  booktitle={Computer Vision and Pattern Recognition, 2004. CVPR 2004. Proceedings of the 2004 IEEE Computer Society Conference on},
  volume={1},
  pages={I--652},
  year={2004},
  organization={IEEE}
}

@inproceedings{klein2007,
  title={Parallel tracking and mapping for small AR workspaces},
  author={Klein, Georg and Murray, David},
  booktitle={Mixed and Augmented Reality, 2007. ISMAR 2007. 6th IEEE and ACM International Symposium on},
  pages={225--234},
  year={2007},
  organization={IEEE}
}

@inproceedings{strasdat2011,
  title={Double Window Optimisation for Constant Time Visual SLAM},
  author={Strasdat, Hauke and Davison, Andrew J. and Montiel, J.M.M. and Konolige, Kurt},
  booktitle={IEEE International Conference on Computer Vision (ICCV)},
  year={2011}
}

@inproceedings{furgale2012,
  title={Continuous-time batch estimation using temporal basis functions},
  author={Furgale, Paul and Barfoot, Timothy D and Sibley, Gabe},
  booktitle={Robotics and Automation (ICRA), 2012 IEEE International Conference on},
  pages={2088--2095},
  year={2012},
  organization={IEEE}
}

@inproceedings{lovegrove2013spline,
  title={Spline Fusion: A continuous-time representation for visual-inertial fusion with application to rolling shutter cameras},
  author={Lovegrove, Steven and Patron-Perez, Alonso and Sibley, Gabe},
  booktitle={British Machine Vision Conference (BMVCâ€™13)},
  year={2013}
}

@inproceedings{kahl2005,
  title={Multiple view geometry and the $L_\infty$-norm},
  author={Kahl, Fredrik},
  booktitle={Computer Vision, 2005. ICCV 2005. Tenth IEEE International Conference on},
  volume={2},
  pages={1002--1009},
  year={2005},
  organization={IEEE}
}

@article{ke2007,
  title={Quasiconvex optimization for robust geometric reconstruction},
  author={Ke, Qifa and Kanade, Takeo},
  journal={Pattern Analysis and Machine Intelligence, IEEE Transactions on},
  volume={29},
  number={10},
  pages={1834--1847},
  year={2007},
  publisher={IEEE}
}

@book{boyd2008,
  title={Convex optimization},
  author={Boyd, Stephen and Vandenberghe, Lieven},
  year={2009},
  publisher={Cambridge university press}
}
